@book{bondy_murty_2008,
  author    = {J. A. Bondy and U. S. R. Murty},
  title     = {Graph Theory},
  year      = {2008},
  publisher = {Springer},
  address   = {Berlin, Heidelberg},
  edition   = {1st},
  isbn      = {978-1-84628-970-5},
  url       = {https://doi.org/10.1007/978-1-84628-970-5},
  note      = {Discussão abrangente sobre teoria dos grafos, incluindo o Teorema de Bondy-Chvátal}
}

@article{dirac_1952,
  author    = {G. A. Dirac},
  title     = {Some Theorems on Abstract Graphs},
  journal   = {Proceedings of the London Mathematical Society},
  volume    = {3},
  number    = {1},
  pages     = {69-81},
  year      = {1952},
  doi       = {10.1112/plms/s3-2.1.69},
  note      = {Introdução ao Teorema de Dirac, um dos primeiros critérios suficientes de hamiltonianidade}
}

@article{ore_1960,
  author    = {Oystein Ore},
  title     = {Note on Hamilton Circuits},
  journal   = {The American Mathematical Monthly},
  volume    = {67},
  number    = {1},
  pages     = {55-58},
  year      = {1960},
  doi       = {10.2307/2308931},
  note      = {Discussão sobre o Teorema de Ore e sua aplicação em grafos hamiltonianos}
}

@book{bollobas_2001,
  author    = {Béla Bollobás},
  title     = {Random Graphs},
  publisher = {Cambridge University Press},
  year      = {2001},
  address   = {Cambridge},
  edition   = {2nd},
  isbn      = {978-0521797221},
  url       = {https://doi.org/10.1017/CBO9780511814068},
  note      = {Discussão detalhada sobre o modelo de Erdos-Renyi e grafos aleatórios}
}

@article{watts_strogatz_1998,
  author    = {Duncan J. Watts and Steven H. Strogatz},
  title     = {Collective Dynamics of 'Small-World' Networks},
  journal   = {Nature},
  volume    = {393},
  pages     = {440-442},
  year      = {1998},
  doi       = {10.1038/30918},
  note      = {Introdução ao modelo de Watts-Strogatz, relevante para estudos sobre hamiltonianidade em grafos complexos}
}

@article{barabasi_albert_1999,
  author    = {Albert-László Barabási and Réka Albert},
  title     = {Emergence of Scaling in Random Networks},
  journal   = {Science},
  volume    = {286},
  pages     = {509-512},
  year      = {1999},
  doi       = {10.1126/science.286.5439.509},
  note      = {Discussão sobre o modelo de Barabási-Albert e sua relevância para grafos com conectividade preferencial}
}

@book{west_2001,
  author    = {Douglas B. West},
  title     = {Introduction to Graph Theory},
  publisher = {Prentice Hall},
  year      = {2001},
  edition   = {2nd},
  isbn      = {978-0130144003},
  note      = {Cobertura abrangente de conceitos de teoria dos grafos, incluindo teoremas de hamiltonianidade}
}

@article{bondy_chvatal_1976,
  author    = {J. A. Bondy and V. Chvátal},
  title     = {A Method in Graph Theory},
  journal   = {Discrete Mathematics},
  volume    = {15},
  pages     = {111-135},
  year      = {1976},
  doi       = {10.1016/0012-365X(76)90030-2},
  note      = {Artigo original sobre o Teorema de Bondy-Chvátal e sua aplicação em ciclos hamiltonianos}
}