@misc{emilio2024grafos,
  title={},
  author={Bergamin Junior, Emilio},
  year={2024},
  url={https://drive.google.com/file/d/1ZE6hkZ3LWcdHdRhw44ctXAguC0Iqbqzm/view}
}

@book{lamport1994latex,
  title={LaTeX: A Document Preparation System},
  author={Lamport, Leslie},
  year={1994},
  publisher={Addison-Wesley}
}

@article{knuth1984tex,
  title={The TeX book},
  author={Knuth, Donald E.},
  journal={Computers \& Typesetting},
  year={1984},
  publisher={Addison-Wesley}
}
@article{Thomas2008,
  author  = {Thomas, Christine M. and Liu, Tianbiao and Hall, Michael B.
             and Darensbourg, Marcetta Y.},
  title   = {Series of Mixed Valent {Fe(II)Fe(I)} Complexes That Model the
             {H(OX)} State of [{FeFe}]Hydrogenase: Redox Properties,
             Density-Functional Theory Investigation, and Reactivity with
             Extrinsic {CO}},
  journal = {Inorg. Chem.},
  year    = {2008},
  volume  = {47},
  number  = {15},
  pages   = {7009-7024},
  doi     = {10.1021/ic800654a},
}
@book{Graham1995,
  author    = {Ronald L. Graham and Donald E. Knuth and Oren Patashnik},
  title     = {Concrete Mathematics},
  publisher = {Addison-Wesley},
  year      = {1995},
}